<record><leader>00000cas a22000007a 4500</leader><controlfield tag="001">14209612</controlfield><controlfield tag="008">860912d190u1960iauwr ne      0    0eng d</controlfield><datafield ind1=" " ind2=" " tag="010"><subfield code="a">sn 86060133 </subfield></datafield><datafield ind1=" " ind2=" " tag="040"><subfield code="a">INP</subfield><subfield code="b">eng</subfield><subfield code="c">INP</subfield><subfield code="d">OCLCQ</subfield></datafield><datafield ind1=" " ind2=" " tag="042"><subfield code="a">msc</subfield></datafield><datafield ind1="0" ind2="0" tag="245"><subfield code="a">Mt. Pleasant free press.</subfield></datafield><datafield ind1="3" ind2="0" tag="246"><subfield code="a">Mount Pleasant free press</subfield></datafield><datafield ind1="1" ind2="3" tag="246"><subfield code="a">Free press</subfield><subfield code="f">&lt;Jan. 4, 1906-Aug. 6, 1959&gt;</subfield></datafield><datafield ind1=" " ind2=" " tag="260"><subfield code="a">Mt. Pleasant, Iowa :</subfield><subfield code="b">Stanley Miller</subfield></datafield><datafield ind1=" " ind2=" " tag="300"><subfield code="a">v. :</subfield><subfield code="b">ill. ;</subfield><subfield code="c">54 cm.</subfield></datafield><datafield ind1=" " ind2=" " tag="310"><subfield code="a">Weekly</subfield></datafield><datafield ind1="1" ind2=" " tag="362"><subfield code="a">Began between Aug. 31, 1905, and Jan. 4, 1906.</subfield></datafield><datafield ind1="1" ind2=" " tag="362"><subfield code="a">Ceased June 16? 1960.</subfield><subfield code="z">Cf. Bibl. of Iowa newspapers.</subfield></datafield><datafield ind1=" " ind2=" " tag="500"><subfield code="a">Publisher varies.</subfield></datafield><datafield ind1=" " ind2=" " tag="515"><subfield code="a">Occasional issues misnumbered and misdated.</subfield></datafield><datafield ind1=" " ind2=" " tag="515"><subfield code="a">Issues for Sept. 18, 1919-July 24, 1941, lack numbering; numbering resumes with v. 125, no. 30 (July 31, 1941).</subfield></datafield><datafield ind1=" " ind2=" " tag="588"><subfield code="a">Description based on: Vol. 39, no. 51 (Jan. 4, 1906).</subfield></datafield><datafield ind1=" " ind2=" " tag="752"><subfield code="a">United States</subfield><subfield code="b">Iowa</subfield><subfield code="c">Henry</subfield><subfield code="d">Mount Pleasant.</subfield></datafield><datafield ind1="0" ind2="0" tag="780"><subfield code="t">Free press (Mount Pleasant, Iowa : 1874)</subfield><subfield code="w">(DLC)sn 82015858</subfield></datafield><datafield ind1="0" ind2="5" tag="780"><subfield code="t">Mt. Pleasant weekly news (Mount Pleasant, Iowa : 1918)</subfield><subfield code="w">(DLC)sn 86060136</subfield><subfield code="g">Oct. 20, 1927</subfield></datafield><datafield ind1="0" ind2="4" tag="785"><subfield code="t">Mount Pleasant news</subfield><subfield code="w">(DLC)sn 86061026</subfield></datafield></record>